<record><leader>00000cas a2200000 a 4500</leader><controlfield tag="001">19523951</controlfield><controlfield tag="008">890410d19561962gauwr ne      0    0eng c</controlfield><datafield ind1=" " ind2=" " tag="010"><subfield code="a">sn 89053046 </subfield></datafield><datafield ind1=" " ind2=" " tag="040"><subfield code="a">NLG</subfield><subfield code="b">eng</subfield><subfield code="c">NLG</subfield><subfield code="d">GUA</subfield><subfield code="d">OCLCQ</subfield><subfield code="d">OCLCF</subfield><subfield code="d">OCLCO</subfield></datafield><datafield ind1="1" ind2=" " tag="029"><subfield code="a">AU@</subfield><subfield code="b">000020565896</subfield></datafield><datafield ind1=" " ind2=" " tag="042"><subfield code="a">pcc</subfield></datafield><datafield ind1=" " ind2=" " tag="043"><subfield code="a">n-us-ga</subfield></datafield><datafield ind1="0" ind2="0" tag="245"><subfield code="a">Dawson County news.</subfield></datafield><datafield ind1=" " ind2=" " tag="260"><subfield code="a">Dawsonville, Ga. :</subfield><subfield code="b">James R. Waldrip &amp; Mary H. Waldrip,</subfield><subfield code="c">[1956-1962]</subfield></datafield><datafield ind1=" " ind2=" " tag="300"><subfield code="a">v.</subfield></datafield><datafield ind1=" " ind2=" " tag="310"><subfield code="a">Weekly</subfield></datafield><datafield ind1="0" ind2=" " tag="362"><subfield code="a">Vol. 1, no. 1 (Feb. 17, 1956)-v. 7, no. 26 (Aug. 16, 1962).</subfield></datafield><datafield ind1=" " ind2="0" tag="651"><subfield code="a">Dawson County (Ga.)</subfield><subfield code="v">Newspapers.</subfield></datafield><datafield ind1=" " ind2="7" tag="655"><subfield code="a">Newspapers.</subfield><subfield code="2">fast</subfield><subfield code="0">(OCoLC)fst01423814</subfield></datafield><datafield ind1=" " ind2="7" tag="651"><subfield code="a">Georgia</subfield><subfield code="z">Dawson County.</subfield><subfield code="2">fast</subfield><subfield code="0">(OCoLC)fst01215287</subfield></datafield><datafield ind1=" " ind2=" " tag="752"><subfield code="a">United States</subfield><subfield code="b">Georgia</subfield><subfield code="c">Dawson</subfield><subfield code="d">Dawsonville.</subfield></datafield><datafield ind1="1" ind2="7" tag="785"><subfield code="t">Dawson County advertiser (Dawsonville, Ga. : 1925)</subfield><subfield code="w">(DLC)sn 89053048</subfield><subfield code="w">(OCoLC)19523962</subfield></datafield><datafield ind1="1" ind2="7" tag="785"><subfield code="t">Dawson County advertiser and Dawson County news</subfield><subfield code="w">(DLC)sn 89053049</subfield><subfield code="w">(OCoLC)19523968</subfield></datafield></record>